<?xml version='1.0' encoding='utf-8'?>
<record xmlns="http://www.loc.gov/MARC21/slim" xmlns:xsi="http://www.w3.org/2001/XMLSchema-instance">
  <leader>00000cas^a2200373^a^4500</leader>
  <controlfield tag="001">003870392</controlfield>
  <controlfield tag="005">20090224150701.0</controlfield>
  <controlfield tag="008">031103c19909999miuer^ne^^^^^^0^^^a0araoc</controlfield>
  <datafield tag="010" ind1=" " ind2=" ">
    <subfield code="a">2005222660</subfield>
  </datafield>
  <datafield tag="035" ind1=" " ind2=" ">
    <subfield code="a">(OCoLC)53338268</subfield>
  </datafield>
  <datafield tag="035" ind1=" " ind2=" ">
    <subfield code="a">(OCoLC)ocm53338268</subfield>
  </datafield>
  <datafield tag="040" ind1=" " ind2=" ">
    <subfield code="a">BEU</subfield>
    <subfield code="c">BEU</subfield>
    <subfield code="d">OCLCQ</subfield>
    <subfield code="d">CLU</subfield>
  </datafield>
  <datafield tag="041" ind1="0" ind2=" ">
    <subfield code="a">ara</subfield>
    <subfield code="a">eng</subfield>
  </datafield>
  <datafield tag="042" ind1=" " ind2=" ">
    <subfield code="a">lcd</subfield>
  </datafield>
  <datafield tag="043" ind1=" " ind2=" ">
    <subfield code="a">n-us-mi</subfield>
  </datafield>
  <datafield tag="049" ind1=" " ind2=" ">
    <subfield code="a">BEUA</subfield>
  </datafield>
  <datafield tag="245" ind1="0" ind2="0">
    <subfield code="a">Kaldān Dītrūyt tāymz :</subfield>
    <subfield code="b">akhbār wa-iʻlānāt al-jālīyah al-Kaldānīyah al-Amrīkīyah wa-al-ʻArabīyah /</subfield>
    <subfield code="c">Chaldean Detroit times : news and advertising for the Chaldean and Arab American communities.</subfield>
  </datafield>
  <datafield tag="246" ind1="3" ind2="1">
    <subfield code="a">Chaldean Detroit times</subfield>
  </datafield>
  <datafield tag="260" ind1=" " ind2=" ">
    <subfield code="a">Southfield, Mich. :</subfield>
    <subfield code="b">Amir Denha</subfield>
  </datafield>
  <datafield tag="300" ind1=" " ind2=" ">
    <subfield code="a">v. :</subfield>
    <subfield code="b">ill. ;</subfield>
    <subfield code="c">58 cm.</subfield>
  </datafield>
  <datafield tag="310" ind1=" " ind2=" ">
    <subfield code="a">Biweekly</subfield>
  </datafield>
  <datafield tag="362" ind1="1" ind2=" ">
    <subfield code="a">Began in Mar. 1990.</subfield>
  </datafield>
  <datafield tag="500" ind1=" " ind2=" ">
    <subfield code="a">Published in Farmington Hills, Mich., 2000-</subfield>
  </datafield>
  <datafield tag="500" ind1=" " ind2=" ">
    <subfield code="a">Description based on: Vol. 9, no. 190 (May 2, 1999).</subfield>
  </datafield>
  <datafield tag="500" ind1=" " ind2=" ">
    <subfield code="a">Latest issue consulted: Vol. 13, no. 265 (July 15, 2002).</subfield>
  </datafield>
  <datafield tag="546" ind1=" " ind2=" ">
    <subfield code="a">In Arabic and English.</subfield>
  </datafield>
  <datafield tag="650" ind1=" " ind2="0">
    <subfield code="a">Chaldean Catholics</subfield>
    <subfield code="z">Michigan</subfield>
    <subfield code="z">Detroit Metropolitan Area</subfield>
    <subfield code="v">Newspapers.</subfield>
  </datafield>
  <datafield tag="650" ind1=" " ind2="0">
    <subfield code="a">Arab Americans</subfield>
    <subfield code="z">Michigan</subfield>
    <subfield code="z">Detroit Metropolitan Area</subfield>
    <subfield code="v">Newspapers.</subfield>
  </datafield>
  <datafield tag="651" ind1=" " ind2="0">
    <subfield code="a">Southfield (Mich.)</subfield>
    <subfield code="v">Newspapers.</subfield>
  </datafield>
  <datafield tag="651" ind1=" " ind2="0">
    <subfield code="a">Farmington Hills (Mich.)</subfield>
    <subfield code="v">Newspapers.</subfield>
  </datafield>
  <datafield tag="700" ind1="1" ind2=" ">
    <subfield code="a">Denha, Amir.</subfield>
  </datafield>
  <datafield tag="752" ind1=" " ind2=" ">
    <subfield code="a">United States</subfield>
    <subfield code="b">Michigan</subfield>
    <subfield code="c">Oakland</subfield>
    <subfield code="d">Farmington Hills.</subfield>
  </datafield>
  <datafield tag="852" ind1="8" ind2=" ">
    <subfield code="a">MiU-H</subfield>
    <subfield code="b">BENT</subfield>
    <subfield code="h">03167 Aa 2</subfield>
  </datafield>
  <datafield tag="945" ind1=" " ind2=" ">
    <subfield code="a">3870392</subfield>
  </datafield>
  <datafield tag="029" ind1="1" ind2=" ">
    <subfield code="a">AU@</subfield>
    <subfield code="b">000026837420</subfield>
  </datafield>
  <datafield tag="955" ind1=" " ind2=" ">
    <subfield code="b">BENT</subfield>
    <subfield code="p">B1652370</subfield>
  </datafield>
</record>
